<record><leader>00000cas a2200000   4500</leader><controlfield tag="001">4055621</controlfield><controlfield tag="008">780715c19639999mouqr ne      0   a0eng c</controlfield><datafield ind1=" " ind2=" " tag="010"><subfield code="a">sn 78000720 </subfield></datafield><datafield ind1=" " ind2=" " tag="040"><subfield code="a">HUL</subfield><subfield code="b">eng</subfield><subfield code="c">HUL</subfield><subfield code="d">NSD</subfield><subfield code="d">COO</subfield><subfield code="d">NSD</subfield><subfield code="d">DLC</subfield><subfield code="d">MQN</subfield><subfield code="d">OCL</subfield><subfield code="d">NYS</subfield><subfield code="d">OCLCQ</subfield><subfield code="d">OCLCF</subfield><subfield code="d">OCLCO</subfield></datafield><datafield ind1=" " ind2=" " tag="012"><subfield code="j">0</subfield><subfield code="k">1</subfield><subfield code="m">1</subfield></datafield><datafield ind1="1" ind2=" " tag="022"><subfield code="a">0026-6728</subfield><subfield code="l">0026-6728</subfield><subfield code="2">1</subfield></datafield><datafield ind1="1" ind2=" " tag="029"><subfield code="a">AU@</subfield><subfield code="b">000020268098</subfield></datafield><datafield ind1=" " ind2=" " tag="032"><subfield code="a">355800</subfield><subfield code="b">USPS</subfield></datafield><datafield ind1=" " ind2=" " tag="042"><subfield code="a">nsdp</subfield><subfield code="a">pcc</subfield></datafield><datafield ind1=" " ind2=" " tag="043"><subfield code="a">n-us-mo</subfield></datafield><datafield ind1=" " ind2="4" tag="050"><subfield code="a">HD6350.T3</subfield><subfield code="b">M67</subfield></datafield><datafield ind1=" " ind2="0" tag="222"><subfield code="a">Missouri teamster</subfield></datafield><datafield ind1="0" ind2="0" tag="245"><subfield code="a">Missouri teamster.</subfield></datafield><datafield ind1=" " ind2=" " tag="260"><subfield code="a">St. Louis, Mo. :</subfield><subfield code="b">Teamster Joint Council 13,</subfield></datafield><datafield ind1=" " ind2=" " tag="300"><subfield code="a">v.</subfield></datafield><datafield ind1=" " ind2=" " tag="310"><subfield code="a">Quarterly,</subfield><subfield code="b">&lt;Apr. 1, 1983-&gt;</subfield></datafield><datafield ind1=" " ind2=" " tag="321"><subfield code="a">Semimonthly,</subfield><subfield code="b">June 7, 1963-Mar. 21, 1969</subfield></datafield><datafield ind1=" " ind2=" " tag="321"><subfield code="a">Monthly,</subfield><subfield code="b">April 18, 1969-</subfield></datafield><datafield ind1=" " ind2=" " tag="321"><subfield code="a">Quarterly,</subfield><subfield code="b">&lt;Mar. 2, 1982-&gt;</subfield></datafield><datafield ind1=" " ind2=" " tag="321"><subfield code="a">Bimonthly,</subfield><subfield code="b">&lt;Aug. 6, 1982-&gt;</subfield></datafield><datafield ind1="0" ind2=" " tag="362"><subfield code="a">Vol. 1, no. 1 (June 7, 1963)-</subfield></datafield><datafield ind1=" " ind2=" " tag="550"><subfield code="a">Official publication of Teamsters Joint Council 13, St. Louis, Mo.</subfield></datafield><datafield ind1=" " ind2=" " tag="580"><subfield code="a">Began publication when Midwest labor world ceased publication.</subfield></datafield><datafield ind1=" " ind2="0" tag="650"><subfield code="a">Transport workers</subfield><subfield code="x">Labor unions</subfield><subfield code="z">Missouri</subfield><subfield code="v">Newspapers.</subfield></datafield><datafield ind1=" " ind2="7" tag="655"><subfield code="a">Newspapers.</subfield><subfield code="2">fast</subfield><subfield code="0">(OCoLC)fst01423814</subfield></datafield><datafield ind1=" " ind2="7" tag="650"><subfield code="a">Transport workers</subfield><subfield code="x">Labor unions.</subfield><subfield code="2">fast</subfield><subfield code="0">(OCoLC)fst01155003</subfield></datafield><datafield ind1=" " ind2="7" tag="651"><subfield code="a">Missouri.</subfield><subfield code="2">fast</subfield><subfield code="0">(OCoLC)fst01204724</subfield></datafield><datafield ind1="2" ind2=" " tag="710"><subfield code="a">International Brotherhood of Teamsters, Chauffeurs, Warehousemen, and Helpers of America.</subfield><subfield code="b">Joint Council 13 (Saint Louis, Mo.)</subfield></datafield><datafield ind1=" " ind2=" " tag="752"><subfield code="a">United States</subfield><subfield code="b">Missouri</subfield><subfield code="c">Saint Louis</subfield><subfield code="d">Saint Louis.</subfield></datafield><datafield ind1="1" ind2=" " tag="787"><subfield code="a">Midwest labor world</subfield><subfield code="w">(DLC)sn 92058956</subfield><subfield code="w">(OCoLC)27091668</subfield></datafield><datafield ind1=" " ind2=" " tag="936"><subfield code="a">INC</subfield><subfield code="a">Mar. 10, 1989</subfield></datafield></record>